@misc{LT8631module,
  title = {$\mathrm{LT8631\;module}$},
  howpublished = {\url{https://www.analog.com/media/en/technical-documentation/data-sheets/lt8631.pdf}},
  note = {\url{https://www.analog.com/media/en/technical-documentation/data-sheets/lt8631.pdf}}
}

@misc{ltc7890module,
  title = {$\mathrm{LTC7890\;module}$},
  howpublished = {\url{https://www.analog.com/media/en/technical-documentation/data-sheets/ltc7890.pdf}},
  note = {Accessed: 2023-12-21}
}

@misc{bworld,
  author = {LT8631},
  title = {{LT8631 datasheet}},
  howpublished = "\url{https://www.analog.com/media/en/technical-documentation/data-sheets/lt8631.pdf}",
  year = {2023}, 
  note = "[Online;]"
}