@Misc{beamerposter,
  author = {Dreuw, Philippe and Deselaers, Thomas},
  title  = {The beamerposter package},
  year   = {2021},
  url    = {https://github.com/deselaers/latex-beamerposter},
}

@Comment{jabref-meta: databaseType:bibtex;}
