@article{thelegendofjiang,
  title={《他改变了中国: 江泽民传》},
  author={罗伯特 and 劳伦斯 and 库恩},
  journal={中国企业家},
  number={5},
  pages={120--120},
  year={2005}
}

@phdthesis{devoftech,
  title={新时期我国信息技术产业的发展},
  author={江泽民},
  year={2008}
}
