%%
% The SUEPThesis Template for Bachelor Graduation Thesis
%
% 上海电力大学毕业设计（论文）中英文摘要 —— 使用 XeLaTeX 编译
%
% Copyright 2020-2023 SUEPaper
%
% This work may be distributed and/or modified under the
% conditions of the LaTeX Project Public License, either version 1.3
% of this license or (at your option) any later version.
% The latest version of this license is in
%   http://www.latex-project.org/lppl.txt
% and version 1.3 or later is part of all distributions of LaTeX
% version 2005/12/01 or later.
%
% This work has the LPPL maintenance status `maintained'.
%
% The Current Maintainer of this work is Haiwen Zhang.
%%

@book{knuth1984texbook,
  title={The texbook},
  author={Knuth, Donald Ervin and Bibby, Duane},
  volume={15},
  year={1984},
  publisher={Addison-Wesley Reading}
}

@book{lamport1994latex,
  title={LATEX: a document preparation system: user's guide and reference manual},
  author={Lamport, Leslie},
  year={1994},
  publisher={Addison-wesley}
}

@book{Yu2001,
  author    = {余敏},
  title     = {出版集团研究},
  publisher = {中国书籍出版社},
  address   = {北京},
  year      = {2001},
  pages     = {179--193}
}

@inbook{Cheng1999,
  author    = {程根伟},
  title     = {1998年长江洪水的成因与减灾对策},
  booktitle = {长江流域洪涝灾害与科技对策},
  editor    = {许厚泽 and 赵其国},
  publisher = {科学出版社},
  address   = {北京},
  year      = {1999},
  pages     = {32--36}
}

@periodical{LSC1957,
  author    = {中国图书馆学会},
  title     = {图书馆学通讯},
  publisher = {北京图书馆},
  address   = {北京},
  year      = {1957/1990},
  number    = {1-4}
}

@article{Li1999,
  author  = {李晓东 and 张庆红 and 叶瑾琳},
  title   = {气候学研究的若干理论问题},
  journal = {北京大学学报: 自然科学版},
  year    = {1999},
  volume  = {35},
  number  = {1},
  pages   = {101--106}
}

@patent{Jiang1989,
  author = {姜锡洲},
  title  = {一种温热外敷药制备方案},
  number = {中国, 88105607.3},
  date   = {1989-07-26}
}

@online{Hopkinson1999,
  author  = {Hopkinson, A.},
  title   = {{UNIMARC} and metadata: Dublin core},
  url     = {http://www.ifla.org/IV/ifla64/138-161e.htm},
  urldate = {1999-12-08}
}

@book{Jiang1998,
  author    = {蒋有绪 and 郭泉水 and 马娟 and others},
  title     = {中国森林群落分类及其群落学特征},
  publisher = {科学出版社},
  address   = {北京},
  year      = {1998},
  pages     = {11--12}
}

@proceedings{CSTAM1990,
  editor    = {中国力学学会},
  title     = {第 3 届全国实验流体力学学术会议论文集},
  publisher = {天津大学出版社},
  address   = {天津},
  year      = {1990},
  pages     = {20--24}
}

@report{WHO1970,
  author      = {{World Health Organization}},
  title       = {Factors regulating the immune response: report of {WHO} Scientific Group},
  institution = {WHO},
  location    = {Geneva},
  year        = {1970}
}

@phdthesis{Zhang1998,
  author      = {张志祥},
  title       = {间断动力系统的随机扰动及其在守恒律方程中的应用},
  institution = {北京大学数学学院},
  address     = {北京},
  year        = {1998},
  pages       = {50--55}
}

@patent{HBLZ2001,
  author  = {河北绿洲生态环境科技有限公司},
  title   = {一种荒漠化地区生态植被综合培育种植方法},
  date    = {2001-10-24},
  number  = {中国, 01129210.5},
  url     = {http://211.152.9.47/sipoasp/zlijs/hyjs-yx-new.asp?recid=01129210.5&leixin},
  urldate = {2002-05-28}
}

@standard{GBT2659,
  author     = {国家标准局信息分类编码研究所},
  title      = {GB/T 2659-1986 世界各国和地区名称代码},
  bookauthor = {全国文献工作标准化技术委员会},
  booktitle  = {文献工作国家标准汇编: 3},
  publisher  = {中国标准出版社},
  address    = {北京},
  year       = {1988},
  pages      = {59--92}
}

@article{Li2000,
  author  = {李炳穆},
  title   = {理想的图书管理员和信息专家的素养与形象},
  journal = {图书情报工作},
  year    = {2000},
  number  = {2},
  pages   = {5--8}
}

@article{Ding2000,
  author  = {丁文祥},
  title   = {数字革命与竞争国际化},
  journal = {中国青年报},
  date    = {2000-11-20},
  number  = {15},
  note    = {news}
}

@article{Jiang1999,
  author  = {江向东},
  title   = {互联网环境下的信息处理与图书管理系统解决方案},
  journal = {情报学报},
  year    = {1999},
  volume  = {18},
  number  = {2},
  pages   = {4},
  url     = {http://www.chinainfo.gov.cn/periodical/qbxb/qbxb99/qbxb990203},
  urldate = {2000-01-18}
}


@article{Christine1998,
  author  = {Christine, Mlot},
  title   = {Plant physiology: plant biology in the Genome Era},
  journal = {Science},
  year    = {1998},
  volume  = {281},
  pages   = {331--332},
  url     = {http://www.sciencemag.org/cgi/collection/anatmorp},
  urldate = {1998-09-23}
}

@online{Xiao2001,
  author  = {萧钰},
  title   = {出版业信息化迈人快车道},
  date    = {2001-12-19},
  url     = {http://www.creader.com/news/20011219/200112190019.html},
  urldate = {2002-04-15}
}

@article{Yang1999,
  author  = {杨瑞林 and 李力军 and 李玉成},
  title   = {新型低合金高强韧性耐磨钢的研究},
  journal = {钢铁},
  year    = {1999},
  volume  = {34},
  number  = {7},
  pages   = {41--45}
}

@article{Schinstock2000,
  author  = {Schinstock, D. E. and Cuttino, J. F.},
  title   = {Real time kinematic solutions of a non-contacting, three dimensional metrology frame},
  journal = {Precision Engineering},
  year    = {2000},
  volume  = {24},
  number  = {1},
  pages   = {70--76}
}

@book{Wen1990,
  author    = {温诗铸},
  title     = {摩擦学原理},
  publisher = {清华大学出版社},
  address   = {北京},
  year      = {1990},
  pages     = {296--300}
}

@standard{GBT16159,
  author    = {国家技术监督局},
  title     = {GB/T 16159-1996 汉语拼音正词法基本规则},
  publisher = {中国标准出版社},
  address   = {北京},
  year      = {1996}
}

@article{He1999,
  author  = {何闻},
  title   = {标准动态力发生装置国内外研究现状},
  journal = {机电工程},
  year    = {1999},
  number  = {2},
  pages   = {47--49}
}

@book{王周宏2011运筹学基础,
  title={运筹学基础},
  author={王周宏},
  publisher={清华大学出版社、北京交通大学出版社},
  year={2011},
  pages={51-90}
}

@book{韩中庚2007实用运筹学模型,
  title={实用运筹学模型, 方法与计算},
  author={韩中庚},
  year={2007},
  publisher={清华大学出版社},
  pages={121-138}
}

@book{王小平2002遗传算法,
  title={遗传算法: 理论, 应用及软件实现},
  author={王小平 and 曹立明},
  year={2002},
  publisher={西安交通大学出版社},
  pages={125-128},
}

@book{包子阳2016智能优化算法,
  title={智能优化算法及其MATLAB实例(第二版)},
  author={包子阳 and 余继周 and 杨杉},
  publisher={电子工业出版社},
  year={2016},
  pages={22-35}
}

@book{余胜威2015matlab,
  title={MATLAB 优化算法案例分析与应用: 进阶篇},
  author={余胜威},
  year={2015},
  publisher={清华大学出版社},
  pages={227-249},
}

@article{梁志杰2004联合生产存储问题的模拟退火算法,
  title={联合生产存储问题的模拟退火算法},
  author={梁志杰 and 杜文 and 文军},
  journal={中国机械工程},
  volume={15},
  number={12},
  pages={4},
  year={2004},
}

@article{pinto2000planning,
  title={A planning model for petroleum refineries},
  author={Pinto, Jos{\'e} Maur{\'\i}cio and Moro, Lincoln Fernando Lautenschlager},
  journal={Brazilian Journal of Chemical Engineering},
  volume={17},
  pages={575--586},
  year={2000},
  publisher={SciELO Brasil}
}

@article{魏代俊2006不允许缺货生产销售存储模型,
  title={不允许缺货生产销售存储模型},
  author={魏代俊},
  journal={湖北民族学院学报: 自然科学版},
  volume={24},
  number={3},
  pages={232--235},
  year={2006}
}

@article{ertuugrul2009production,
  title={Production Planning for a Winery With Mixed Integer Programming Model},
  author={Ertu{\u{g}}rul, {\.I}rfan and I{\c{s}}ik, Tu{\c{s}}},
  journal={Ege Academic Review},
  volume={9},
  number={2},
  pages={375},
  year={2009}
}

@article{wang2013integrated,
  title={Integrated production planning and control: A multi-objective optimization model},
  author={Wang, Cheng and Liu, Xiao-Bing},
  journal={Journal of Industrial Engineering and Management (JIEM)},
  volume={6},
  number={4},
  pages={815--830},
  year={2013},
  publisher={Barcelona: OmniaScience}
}

@article{王军2017基于卷烟生产计划优化,
  title={基于卷烟生产计划优化的 HPP 框架及总生产计划模型},
  author={王军 and 刘鹏翔 and 刘羚迪 and 王晶 and 王力},
  journal={烟草科技},
  year={2017},
  volume={50},
  number={8},
  pages={91--96},
}

@article{陈宪章2004冲击型负荷下的生产存储模型研究,
  title={冲击型负荷下的生产存储模型研究},
  author={陈宪章 and 汪定伟 and 刘崇},
  journal={管理科学学报},
  volume={7},
  number={4},
  pages={33--39},
  year={2004}
}

@article{panda2008optimal,
  title={Optimal replenishment policy for perishable seasonal products in a season with ramp-type time dependent demand},
  author={Panda, Shibaji and Senapati, S and Basu, Manjusri},
  journal={Computers \& industrial engineering},
  volume={54},
  number={2},
  pages={301--314},
  year={2008},
  publisher={Elsevier}
}

@article{陈菊红2010受资源限制且带有缺货惩罚的季节性产品供应链协调,
  title={受资源限制且带有缺货惩罚的季节性产品供应链协调},
  author={陈菊红 and 郭福利 and 史成东},
  journal={中国管理科学},
  volume={18},
  number={5},
  pages={76--81},
  year={2010}
}

@article{gurler2008analysis,
  title={Analysis of the (s, S) policy for perishables with a random shelf life},
  author={G{\"u}rler, {\"U}lk{\"u} and {\"O}zkaya, Banu Y{\"u}ksel},
  journal={IIe Transactions},
  volume={40},
  number={8},
  pages={759--781},
  year={2008},
  publisher={Taylor \& Francis}
}

@article{shen2011modelling,
  title={Modelling and analysis of inventory replenishment for perishable agricultural products with buyer--seller collaboration},
  author={Shen, Dongjie and Lai, Kin Keung and Leung, Stephen CH and Liang, Liang},
  journal={International Journal of Systems Science},
  volume={42},
  number={7},
  pages={1207--1217},
  year={2011},
  publisher={Taylor \& Francis}
}

@article{chen2007net,
  title={A net present value approach in developing optimal replenishment policies for a product life cycle},
  author={Chen, Cheng-Kang and Hung, Ta-Wei and Weng, Tzu-Chun},
  journal={Applied Mathematics and computation},
  volume={184},
  number={2},
  pages={360--373},
  year={2007},
  publisher={Elsevier}
}

@article{李力2015多种易逝品的库存控制模型及动态定价,
  title={多种易逝品的库存控制模型及动态定价},
  author={李力},
  journal={系统工程学报},
  volume={30},
  number={3},
  pages={289--296},
  year={2015}
}

@article{周凌2014基于柔性产能的季节性产品生产决策模型,
  title={基于柔性产能的季节性产品生产决策模型},
  author={周凌 and 杜文},
  journal={计算机集成制造系统},
  volume={20},
  number={11},
  pages={2863--2868},
  year={2014}
}

@article{孙玉玲2009考虑能力约束的易逝品生产策略,
  title={考虑能力约束的易逝品生产策略},
  author={孙玉玲 and 周晶},
  journal={工业工程},
  volume={12},
  number={5},
  pages={22--26},
  year={2009}
}

@article{芮世春2012生产与存储问题,
  title={“生产与存储问题” 最优决策与两个变量的取值范围},
  author={芮世春 and 王永富},
  journal={重庆工商大学学报: 自然科学版},
  volume={29},
  number={7},
  pages={51--56},
  year={2012}
}

@article{张京京2022多变量编码遗传算法在管道类零件展开图排样中的应用,
  title={多变量编码遗传算法在管道类零件展开图排样中的应用},
  author={张京京 and 龙华 and 陈晓鹏 and 陈年华},
  journal={锻压技术},
  volume={47},
  number={11},
  pages={6},
  year={2022},
}

@mastersthesis{叶帅2021基于事件触发自适应动态规划的多四旋翼无人机优化控制,
  title={基于事件触发自适应动态规划的多四旋翼无人机优化控制},
  author={叶帅},
  year={2021},
  school={南京邮电大学}
}

@PhdThesis{jiyugaijinyichuansuanfa,
	author = {谷晓琳},
	title = {基于改进遗传算法的柔性作业车间调度问题的应用研究},
	school = {大连交通大学},
	year = {2020},
}

@phdthesis{黄红丽2009订单型企业基于约束理论的生产作业计划优化研究,
  title={订单型企业基于约束理论的生产作业计划优化研究},
  author={黄红丽},
  year={2009},
  school={重庆: 重庆大学}
}
