@mastersthesis{1014042501.nh,
 author = {苏保禹},
 title = {基于TI-C6678的多核DSP图像处理系统研究},
 school = {中国科学院研究生院（光电技术研究所）},
 year = {2014}
 }

@phdthesis{1013149600.nh,
 author = {孙科林},
 title = {基于多核DSP的实时图像处理平台研究},
 school = {电子科技大学},
 year = {2013}
 }

@article{DZDK202301011,
 author = {王洪林 &amp; 甘洋},
 title = {高性能嵌入式信号处理器分析与比较},
 journal = {电子信息对抗技术},
 volume = {38},
 number = 66-72,
 year = {2023},
 issn = {1674-2230},
 doi ={}
 }
