%%
% The SUEPThesis Template for Bachelor Graduation Thesis
%
% 上海电力大学毕业设计（论文）中英文摘要 —— 使用 XeLaTeX 编译
%
% Copyright 2020-2023 SUEPaper
%
% This work may be distributed and/or modified under the
% conditions of the LaTeX Project Public License, either version 1.3
% of this license or (at your option) any later version.
% The latest version of this license is in
%   http://www.latex-project.org/lppl.txt
% and version 1.3 or later is part of all distributions of LaTeX
% version 2005/12/01 or later.
%
% This work has the LPPL maintenance status `maintained'.
%
% The Current Maintainer of this work is Haiwen Zhang.
%%


%%%%%%%%%%%%%%%%%%%%%%%%%%%%%%%%%%%%%%%%%%%%%%%%%%%%%%%%%%%%%%

                      参考文献案例

%%%%%%%%%%%%%%%%%%%%%%%%%%%%%%%%%%%%%%%%%%%%%%%%%%%%%%%%%%%%%%

@INPROCEEDINGS{10617712,
  author={Zhu, Huming and Chen, Xiangru},
  booktitle={2024 2nd International Symposium of Electronics Design Automation (ISEDA)}, 
  title={A survey of Reinforcement Learning for Electronic Design Automation}, 
  year={2024},
  volume={},
  number={},
  pages={717-721},
  keywords={Training;Surveys;Semiconductor device modeling;Design automation;Reviews;Face recognition;Reinforcement learning;Reinforcement learning;Electronic Design Automation;Optimization problem},
  doi={10.1109/ISEDA62518.2024.10617712}}

@INPROCEEDINGS{8942062,
  author={Hakhamaneshi, Kourosh and Werblun, Nick and Abbeel, Pieter and Stojanović, Vladimir},
  booktitle={2019 IEEE/ACM International Conference on Computer-Aided Design (ICCAD)}, 
  title={BagNet: Berkeley Analog Generator with Layout Optimizer Boosted with Deep Neural Networks}, 
  year={2019},
  volume={},
  number={},
  pages={1-8},
  keywords={Sociology;Statistics;Integrated circuit modeling;Measurement;Optimization;Layout;Solid modeling},
  doi={10.1109/ICCAD45719.2019.8942062}}

@INPROCEEDINGS{8807032,
  author={Hakhamaneshi, Kourosh and Werblun, Nick and Abbeel, Pieter and Stojanović, Vladimir},
  booktitle={2019 56th ACM/IEEE Design Automation Conference (DAC)}, 
  title={Late Breaking Results: Analog Circuit Generator based on Deep Neural Network enhanced Combinatorial optimization}, 
  year={2019},
  volume={},
  number={},
  pages={1-2},
  keywords={Layout;Sociology;Statistics;Optimization;Generators;Measurement;Tools},
  doi={}}

% 添加一些充数用的参考文献，课程要求参考文献至少有 10 条

@INPROCEEDINGS{6565786,
  author={Chen, Hao-Hui and Chen, Ming-Huei and Tsai, Cheng-Yu},
  booktitle={2013 International Symposium on Electromagnetic Theory}, 
  title={Optimization of low noise amplifier designs by genetic algorithms}, 
  year={2013},
  volume={},
  number={},
  pages={493-496},
  keywords={Optimization;Biological cells;Microwave filters;Electromagnetics;Radio frequency;Noise figure;Impedance matching},
  doi={}}

@INPROCEEDINGS{8904889,
  author={Wang, Yingying and Tang, Xinyao and Mendis, Gihan J. and Wei-Kocsis, Jin and Madanayake, Arjuna and Mandal, Soumyajit},
  booktitle={2019 IEEE Cognitive Communications for Aerospace Applications Workshop (CCAAW)}, 
  title={AI - Driven Self-Optimizing Receivers for Cognitive Radio Networks}, 
  year={2019},
  volume={},
  number={},
  pages={1-5},
  keywords={Modulation Recognition;Cognitive radio;Dynamic spectrum access},
  doi={10.1109/CCAAW.2019.8904889}}

@INPROCEEDINGS{8005220,
  author={Papadimitriou, Angelos and Bucher, Matthias},
  booktitle={2017 MIXDES - 24th International Conference "Mixed Design of Integrated Circuits and Systems}, 
  title={Optimization of RF low noise amplifier design using analytical model and genetic computation}, 
  year={2017},
  volume={},
  number={},
  pages={302-307},
  keywords={Integrated circuits;Low-noise amplifiers;Nickel;Inductance;Q-factor;CMOS;Design Optimization;Genetic Algorithm;Low Noise Amplifier;Moderate Inversion;Radio Frequency},
  doi={10.23919/MIXDES.2017.8005220}}

@inproceedings{xu2020autodnnchip,
  title={AutoDNNchip: An automated DNN chip predictor and builder for both FPGAs and ASICs},
  author={Xu, Pengfei and Zhang, Xiaofan and Hao, Cong and Zhao, Yang and Zhang, Yongan and Wang, Yue and Li, Chaojian and Guan, Zetong and Chen, Deming and Lin, Yingyan},
  booktitle={Proceedings of the 2020 ACM/SIGDA International Symposium on Field-Programmable Gate Arrays},
  pages={40--50},
  year={2020}
}

@article{chen2019cmos,
  title={CMOS-integrated memristive non-volatile computing-in-memory for AI edge processors},
  author={Chen, Wei-Hao and Dou, Chunmeng and Li, Kai-Xiang and Lin, Wei-Yu and Li, Pin-Yi and Huang, Jian-Hao and Wang, Jing-Hong and Wei, Wei-Chen and Xue, Cheng-Xin and Chiu, Yen-Cheng and others},
  journal={Nature Electronics},
  volume={2},
  number={9},
  pages={420--428},
  year={2019},
  publisher={Nature Publishing Group UK London}
}

@ARTICLE{9104667,
  author={Lee, Kyuho Jason and Lee, Jinmook and Choi, Sungpill and Yoo, Hoi-Jun},
  journal={IEEE Transactions on Circuits and Systems I: Regular Papers}, 
  title={The Development of Silicon for AI: Different Design Approaches}, 
  year={2020},
  volume={67},
  number={12},
  pages={4719-4732},
  keywords={Program processors;Artificial neural networks;Hardware;Noise measurement;Computer architecture;Neuromorphics;Mixed-mode SoC;neural network processor;neuro-fuzzy processor;deep learning SoC},
  doi={10.1109/TCSI.2020.2996625}}

@mastersthesis{1024449010.nh,
author = {宋雨平},
 title = {基于智能优化算法的模拟集成电路尺寸设计方法研究},
school = {湖南大学},
year = {2023}
}    

% 在线参考文献

@online{synopsys20231102,
  author =      {Neel Gopalan},
  title =       {Showcasing AI-Driven Analog Design Migration at Samsung SAFE Forum},
  urldate =     {2023-11-02},
  url =         {https://www.synopsys.com/blogs/chip-design/ai-analog-design-migration-samsung-safe-forum-2023.html},
}

%%%%%%%%%%%%%%%%%%%%%%%%%%%%%%%%%%%%%%%%%%%%%%%%%%%%%%%%%%%%%%
